@Incollection{AcemogluJohnsonRobinson2005,
    author = {Daron Acemoglu and Simon Johnson and James A Robinson},
    title = {Institutions as a Fundamental Cause of Long-Run Growth},
    booktitle = {Handbook of Economic Growth},
    publisher = {Elsevier},
    editor = {Philippe Aghion and Steven N Durlauf},
    year = {2005},
    chapter = {6},
    pages = {385--472},
}

@techreport{Alexander2018,
    author = {Rohan Alexander},
    title = {Slide Into My Mentions, Please: Who Gets Incumbancy Advantage in Australia?},
    year = {2018},
    institution = {Australian National University},
    url = {http://rohanalexander.com/mentions},
}

@Article{BeelenEtc2017,
    author = {Kaspar Beelen and Timothy Alberdingk Thim and Christopher Cochrane and Kees Halvemaan and Graeme Hirst and Michael Kimmins and Sander Lijbrink and Maarten Marx and Nona Naderi and Ludovic Rheault and Roman Polyanovsky and Tanya Whyte},
    title = {Digitization of the Canadian Parliamentary Debates},
    journal = {Canadian Journal of Political Science},
    year={2017},
    pages={1--16},
}

@Book{Benassy-Quere2010,
    author = {Agnes Benassy-Quere and Benoit Coeure and Pierre Jacquet and Jean Pisani-Ferry},
    year={2010},
    title={Economic policy: theory and practice},
    publisher={Oxford University Press},
    address={New York},
}

@incollection{BleiLafferty2009,
  title={Topic Models},
  author={Blei, David M and Lafferty, John D},
  booktitle={Text Mining},
  pages={101--124},
  year={2009},
  publisher={Chapman and Hall/CRC},
}

@article{Blei2003latent,
  title={Latent Dirichlet Allocation},
  author={Blei, David M and Ng, Andrew Y and Jordan, Michael I},
  journal={Journal of Machine Learning Research},
  volume={3},
  number={Jan},
  pages={993--1022},
  year={2003}
}

@article{blei2012,
  title={Probabilistic Topic Models},
  author={Blei, David M},
  journal={Communications of the ACM},
  volume={55},
  number={4},
  pages={77--84},
  year={2012}
}

@Article{Boot1998,
    author = {H M Boot},
    title = {Government and the Colonial Economies},
    journal = {Australian Economic History Review},
    year={1998},
    volume = {38},
    number = {1},
    pages={74--101},
}

@Article{Boot2000,
    author = {H M Boot},
    title = {Government and the Colonial Economies: A Reply to Frost},
    journal = {Australian Economic History Review},
    year={2000},
    volume = {40},
    number = {1},
    pages={86--91},
}

@Book{ButlinBarnardPincus1982,
    author = {N. G. Butlin and A Barnard and J. J. Pincus},
    title = {Government and Capitalism: Public and Private Choice in Twentieth Century Australia},
    publisher = {George Allen & Unwin},
    place = {Sydney},
    year = {1982},
}

@Book{CammMcQuiltonYorke1983,
    author = {Jack Camm and John McQuilton and Steve Yorke},
    title = {Australian Census Maps 1901 [cartographic material]},
    publisher = {Historical Geography Monograph No. 1, Australia 1788-1988: A Bicentennial History},
    place = "Kensington, NSW",
    year = {1983},
}

@Manual{ChengKarambelkarXie2017,
    title = {leaflet: Create Interactive Web Maps with the JavaScript 'Leaflet' Library},
    author = {Joe Cheng and Bhaskar Karambelkar and Yihui Xie},
    year = {2017},
    note = {R package version 1.1.0},
    url = {https://CRAN.R-project.org/package=leaflet},
}

@Article{Coulson2016,
    author = {Kylie Coulson},
    title = {Budget Scrutiny in Australian State Parliaments},
    journal = {Australasian Parliamentary Review},
    volume = {31},
    number = {2},
    pages = {103--116},
    year = {2016},
}

@Article{Curran2017,
   author = {{Curran}, B. and {Higham}, K. and {Ortiz}, E. and {Vasques Filho}, D.},
    title = "{Look Who's Talking: Bipartite Networks as Representations of a Topic Model of New Zealand Parliamentary Speeches}",
    journal = {ArXiv e-prints},
    archivePrefix = "arXiv",
    eprint = {1707.03095},
    year = {2017},
    month = {July},
}

@inproceedings{Darling2011,
  title={A Theoretical and Practical Implementation Tutorial on Topic Modeling and Gibbs Sampling},
  author={Darling, William M},
  year={2011},
  booktitle = {Proceedings of the 49th Annual Meeting of the Association for Computational Linguistics: Human Language Technologies},
  pages = {642--647},
}

@Article{DimarcoPirieAuyeung2009,
  author = {Katrina Di Marco and Mitchell Pirie and Wilson Au-Yeung},
  title = {A History of Public Debt in Australia},
  journal = {Economic Roundup},
  year = {2009},
  number = {1},
  pages = {1--15},
  month = {March},
}

@Article{DiMatteoDiMatteo1998,
    author = {Livio Di Matteo and Rosanna Di Matteo},
    title = {Evidence on the Determinants of Canadian Provincial Government Health Expenditures: 1965 -- 1991},
    journal = {Journal of Health Economics},
    volume = {17},
    pages = {211--228},
    year = {1998},
}

@Inproceedings{Duthie2016,
    author = {Rory Duthie and Katarzyna Budzynska and Chris Reed},
    title = {Mining Ethos in Political Debate},
    booktitle = {Computational Models of Argument},
    editor = {P Baroni and TF Gordon and T Scheffler and M Stede},
    year = {2016},
    volume = {287},
    pages = {299--310},
}

@Article{Edwards2016,
      author = {Cecilia Edwards},
      title = {The Political Consequences of Hansard Editorial Policies: The Case for Greater Transparency},
      journal = {Australasian Parliamentary Review},
      year={2016},
      volume = {31},
      number = {2},
      pages={145--160},
}


@Manual{FeinererHornik2018,
    title = {tm: Text Mining Package.},
    author = {Ingo Feinerer and Kurt Hornik},
    year = {2018},
    note = {R package version 0.7-5},
    url = {https://CRAN.R-project.org/package=tm},
}

@Book{Frey1978,
    author = {Bruno Frey},
    title = {Modern Political Economy},
    publisher = {Martin Robertson and Company},
    place = {Oxford},
    year = {1978},
}

@Article{Frost2000,
    author = {Lionel Frost},
    title = {Government and the Colonial Economies: An Alternative View},
    journal = {Australian Economic History Review},
    year={2000},
    volume = {40},
    number = {1},
    pages={71--85},
}

@Manual{Izrailev2014,
    title = {tictoc: Functions for Timing R Scripts},
    author = {Sergei Izrailev},
    year = {2014},
    note = {R package version 1.0},
    url = {https://CRAN.R-project.org/package=tictoc},
  }

@Article{GansLeigh2012,
    author = {Joshua Gans and Andrew Leigh},
    title = {How Partisan is the Press? Multiple Measures of Media Slant},
    journal = {The Economic Record},
    year={2012},
    volume = {88},
    number = {280},
    pages={127--147},
}

@techreport{GentzkowShapiroTaddy2018,
    author = {Matthew Gentzkow and Jesse M. Shapiro and Matt Taddy},
    title = {Measuring Group Differences in High-Dimensional Choices: Method and Application to Congressional Speech},
    year = {2018},
    institution = {Voldemort's University},
    url = {http://web.stanford.edu/~gentzkow/research/politext.pdf},
}

@Article{Grun2011,
    title = {{topicmodels}: An {R} Package for Fitting Topic Models},
    author = {Bettina Gr\"un and Kurt Hornik},
    journal = {Journal of Statistical Software},
    year = {2011},
    volume = {40},
    number = {13},
    pages = {1--30},
    doi = {10.18637/jss.v040.i13},
}

@phdthesis{Graham2016,
  author    = "Ruth Graham",
  title   = "Withdraw and Apologise: A Diachronic Study of Unparliamentary Language in the New Zealand Parliament, 1890--1950",
  institution    = "Victoria University of Wellington",
  year    = "2016",
}

@Incollection{GrijzenhoutMarxJijkoun2014,
    author = {Steven Grijzenhout and Maarten Marx and Valentin Jijkoun},
    title = {Sentiment Analysis in Parliamentary Proceedings},
    booktitle = {From Text to Political Positions: Text Analysis Across Disciplines},
    publisher = {John Benjamins Publishing Company},
    editor = {Bertie Kaal and Isa Maks and Annemarie van Elfrinkhof},
    year = {2014},
    chapter = {6},
    pages = {117--134},
}

@Article{GrolemundWickham2011,
    title = {Dates and Times Made Easy with {lubridate}},
    author = {Garrett Grolemund and Hadley Wickham},
    journal = {Journal of Statistical Software},
    year = {2011},
    volume = {40},
    number = {3},
    pages = {1--25},
    url = {http://www.jstatsoft.org/v40/i03/},
}


  @Manual{Gagolewski2018,
    title = {R Package stringi: Character String Processing Facilities},
    author = {Marek Gagolewski},
    year = {2018},
    url = {http://www.gagolewski.com/software/stringi/},
  }


@Article{GriffithsSteyvers2004,
    author = {Thomas Griffiths and Mark Steyvers},
    title = {Finding Scientific Topics},
    journal = {PNAS},
    year = {2004},
    volume = {101},
    pages = {5228--5235},
}

@Manual{Hijmans2016,
    title = {raster: Geographic Data Analysis and Modeling},
    author = {Robert J. Hijmans},
    year = {2016},
    note = {R package version 2.5-8},
    url = {https://CRAN.R-project.org/package=raster},
}

@Article{KahleWickham2013,
    author = {David Kahle and Hadley Wickham},
    title = {ggmap: Spatial Visualization with ggplot2},
    journal = {The R Journal},
    year = {2013},
    volume = {5},
    number = {1},
    pages = {144--161},
    url = {http://journal.r-project.org/archive/2013-1/kahle-wickham.pdf},
}

@Incollection{MarxSchuth2010,
    author = {Maarten Marx and Anne Schuth},
    title = {DutchParl: A Corpus of Parliamentary Documents in Dutch},
    booktitle = {Proceedings of the Seventh conference on International Language Resources and Evaluation (LREC'10)},
    publisher = {European Language Resources Association (ELRA)},
    editor = {N Calzolari and K Choukri and B Maegaard and J Mariani and J Odijk and S Piperidis and M Rosner and D Tapias},
    year = {2010},
    pages = {3670--3677},
}

@article{Mauro1998,
    title = "Corruption and the composition of government expenditure ",
    journal = "Journal of Public Economics",
    volume = "69",
    number = "2",
    pages = "263 - 279",
    year = "1998",
    author = "Paolo Mauro",
}

@article{Mollin2008,
    title = "The Hansard hazard: Gauging the Accuracy of British Parliamentary Transcripts",
    journal = "Corpora",
    volume = "2",
    number = "2",
    pages = "187--210",
    year = "2008",
    author = "Sandra Mollin",
}

@article{MuellerRauh2018,
    title = "Reading Between the Lines: Prediction of Political Violence Using Newspaper Text",
    author = "Hannes Mueller and Christopher Rauh",
    journal = "American Political Science Review",
    year = "2018",
    volume = "112",
    number = "2",
    pages = "358--375",
}

@article{North1985,
    title = "The Growth of Government in the United States: An Economic Historian's Perspective",
    journal = "Journal of Public Economics",
    volume = "28",
    pages = "383 - 399",
    year = "1985",
    author = "Douglass North",
}

@Manual{Ooms2017,
    title = {hunspell: High-Performance Stemmer, Tokenizer, and Spell Checker},
    author = {Jeroen Ooms},
    year = {2017},
    note = {R package version 2.9},
    url = {https://CRAN.R-project.org/package=hunspell},
}

 @Manual{Ooms2018pdftools,
    title = {pdftools: Text Extraction, Rendering and Converting of PDF Documents},
    author = {Jeroen Ooms},
    year = {2018},
    note = {R package version 1.8},
    url = {https://CRAN.R-project.org/package=pdftools},
}

 @Manual{Ooms2018tesseract,
    title = {tesseract: Open Source OCR Engine},
    author = {Jeroen Ooms},
    year = {2018},
    note = {R package version 2.3},
    url = {https://CRAN.R-project.org/package=tesseract},
  }

@Article{PerssonRolandTabellini2007,
    year = {2007},
    volume = {2},
    journal = {Quarterly Journal of Political Science},
    title = {Electoral Rules and Government Spending in Parliamentary Democracies},
    number = {2},
    pages = {155-188},
    author = {Torsten Persson and Gerard Roland and Guido Tabellini}
}

@Book{PerssonTabellini2010,
    author = {Torsten Persson and Guido Tabellini},
    title = {Political Economics Explaining Economic Policy},
    publisher = {The MIT Press},
    year = {2000},
}

@article{PetersonSpirling2018, 
  title={Classification Accuracy as a Substantive Quantity of Interest: Measuring Polarization in Westminster Systems}, 
  volume={26}, 
  number={1}, 
  journal={Political Analysis}, 
  author={Peterson, Andrew and Spirling, Arthur}, 
  year={2018}, 
  pages={120–128}
}

@Article{Rasiah2010,
    author = {Parameswary Rasiah},
    title = {A framework for the systematic analysis of evasion in parliamentary discourse},
    journal = {Journal of Pragmatics},
    year = {2010},
    volume = {42},
    pages = {664--680},
}

@Article{ReinhardtLee2006,
  author={Sam Reinhardt and Lee Steel},
  title={A Brief History of Australia's Tax System},
  journal={Economic Roundup},
  year= {2006},
  pages={1--26},
  month={Winter},
}

@inproceedings{RheaultCochran2018,
  author    = {Ludovic Rheault and Christopher Cochrane},
  title     = {Word Embeddings for the Estimation of Ideological Placement in Parliamentary Corpora},
  booktitle = {PolMeth 2018},
  year      = {2018},
  address   = {Provo, UT},
  publisher = {Society for Political Methodology},
}

@Book{Rhodes2002,
    author =  {Glenn Rhodes},
    title =   {Votes for Australia: How colonials voted at the 1899-1900 Federation referendums},
    publisher = "Centre for Australian Public Sector Management",
    year = {2002},
}

@Manual{RobertsStewartAiroldiRPackage,
    title = {stm: R Package for Structural Topic Models},
    author = {Margaret E. Roberts and Brandon M. Stewart and Dustin Tingley},
    year = {2018},
    note = {R package version 1.3.3},
    url = {http://www.structuraltopicmodel.com},
}

@Article{RobertsStewartAiroldi2016,
    author = {Margaret E. Roberts and Brandon M. Stewart and Edoardo M. Airoldi},
    title = {A Model of Text for Experimentation in the Social Sciences},
    journal = {Journal of the American Statistical Association},
    volume = {111},
    number = {515},
    pages = {988--1003},
    year = {2016},
}

@Article{SealeyBates2016,
    author = {Alison Sealey and Stephen Bates},
    title = {Prime Ministerial Self-Reported Actions in Prime Minister's Questions 1979--2010: A Corpus-Assisted Analysis},
    journal = {Journal of Pragmatics},
    volume = {104},
    pages = {18--31},
    year = {2016},
}

 @Article{SilgeRobinson2016,
    title = {tidytext: Text Mining and Analysis Using Tidy Data Principles in R},
    author = {Julia Silge and David Robinson},
    doi = {10.21105/joss.00037},
    url = {http://dx.doi.org/10.21105/joss.00037},
    year = {2016},
    publisher = {The Open Journal},
    volume = {1},
    number = {3},
    journal = {JOSS},
}

@Article{Smith1999,
  author={Julie P Smith},
  title={Is the only good tax an old tax? A historical perspective on the GST debate},
  journal={ANU Research School of Social Sciences, Discussion Paper No. 398},
  year= {March 1999},
}

@Incollection{SteyversGriffiths2006,
    author = {Steyvers, Mark and Griffiths, Tom},
    title = {Probabilistic Topic Models},
    booktitle = {Latent Semantic Analysis: A Road to Meaning},
    editor = {T. Landauer and D McNamara and S. Dennis and W. Kintsch},
    year = {2006}
}

@Article{Tabellini2000,
  author={Guido Tabellini},
  title={Constitutional Determinants of Government Spending},
  journal={CESifo Working Paper Series},
  year= {2000},
}

@Article{Topicmodels2011,
    title = {{topicmodels}: An {R} Package for Fitting Topic Models},
    author = {Bettina Gr\"un and Kurt Hornik},
    journal = {Journal of Statistical Software},
    year = {2011},
    volume = {40},
    number = {13},
    pages = {1--30},
    doi = {10.18637/jss.v040.i13},
}

@Manual{VaughanDancho2018,
    title = {furrr: Apply Mapping Functions in Parallel using Futures},
    author = {Davis Vaughan and Matt Dancho},
    year = {2018},
    note = {R package version 0.1.0.9002},
    url = {https://github.com/DavisVaughan/furrr},
}

@Article{Whyte2014,
    author = {Tanya Whyte},
    title = {Some Honourable Members: A Quantitative Analysis of Parliamentary Decorum in Canada and the United Kingdom},
    journal = {Paper presented to the 23rd World Congress of Political Science, 23 July 2014, Montreal Quebec, Canada},
    year = {2014},
}

@Article{Whyte2017,
    author = {Tanya Whyte},
    title = {Oh, oh! Modeling Parliamentary Interruptions in Canada, 1926-2015},
    journal = {Paper presented at Canadian Political Science Association Annual Conference, Ryerson University, Toronto, 27 May  -- 2 June, 2017},
    year = {2017},
}

@Manual{Wickham2017,
    title = {tidyverse: Easily Install and Load the 'Tidyverse'},
    author = {Hadley Wickham},
    year = {2017},
    note = {R package version 1.2.1},
    url = {https://CRAN.R-project.org/package=tidyverse},
}

@Article{WilkersonSmithStramp2015,
    author = {John Wilkerson and David Smith and Nick Stramp},
    title = {Tracing the Flow of Policy Ideas in Legislatures: A Text Reuse Approach},
    journal = {American Journal of Political Science},
    volume = {59},
    number = {4},
    pages = {943--956},
    year = {2015},
}

@Article{Willis2017,
    author = {Rebecca Willis},
    title = {Taming the Climate? Corpus analysis of politicians' speech on climate change},
    journal = {Environmental Politics},
    volume = {26},
    number = {2},
    pages = {212--231},
    year = {2017},
}

@Incollection{Wilson2015,
    author = {John K Wilson},
    title = {Government and the Evolution of Public Policy},
    booktitle = {The Cambridge Economic History of Australia},
    publisher = {Cambridge University Press},
    editor = {Simon Wille and Glenn Withers},
    year = {2015},
    chapter = {15},
    pages = {330--350},
}

